@article{leishman2014quadrotors,
  title={Quadrotors and Accelerometers: State Estimation with an Improved Dynamic Model},
  author={Leishman, R and Macdonald, J and Beard, R and McLain, T},
  journal={Control Systems, IEEE},
  volume={34},
  number={1},
  pages={28--41},
  year={2014},
  publisher={IEEE}
}

@book{beard2012small,
  title={Small unmanned aircraft: Theory and practice},
  author={Beard, Randal W and McLain, Timothy W},
  year={2012},
  publisher={Princeton University Press}
}

@article{petersen2008matrix,
  title={The matrix cookbook},
  author={Petersen, Kaare Brandt and Pedersen, Michael Syskind},
  journal={Technical University of Denmark},
  pages={7--15},
  year={2008}
}

@book{crassidis2011optimal,
  title={Optimal estimation of dynamic systems},
  author={Crassidis, John L and Junkins, John L},
  year={2011},
  publisher={CRC press}
}